<record><leader>00000cas a22000007a 4500</leader><controlfield tag="001">14978657</controlfield><controlfield tag="008">861216d19021983paudn ne      0    0eng d</controlfield><datafield ind1=" " ind2=" " tag="010"><subfield code="a">sn 89077584 </subfield></datafield><datafield ind1=" " ind2=" " tag="040"><subfield code="a">NPH</subfield><subfield code="b">eng</subfield><subfield code="c">NPH</subfield><subfield code="d">OCLCQ</subfield></datafield><datafield ind1=" " ind2=" " tag="042"><subfield code="a">msc</subfield></datafield><datafield ind1="0" ind2="0" tag="245"><subfield code="a">Corry evening journal.</subfield></datafield><datafield ind1="3" ind2="0" tag="246"><subfield code="a">Evening journal</subfield></datafield><datafield ind1=" " ind2=" " tag="260"><subfield code="a">Corry, Pa. :</subfield><subfield code="b">A.D. Colgrove,</subfield><subfield code="c">1902-1983.</subfield></datafield><datafield ind1=" " ind2=" " tag="300"><subfield code="a">v. :</subfield><subfield code="b">ill.</subfield></datafield><datafield ind1=" " ind2=" " tag="310"><subfield code="a">Daily (except Sun.)</subfield></datafield><datafield ind1="0" ind2=" " tag="362"><subfield code="a">May 3, 1902-May 27, 1983.</subfield></datafield><datafield ind1=" " ind2=" " tag="515"><subfield code="a">Issues for -May 27, 1983 called also -v. 82, no. 125.</subfield></datafield><datafield ind1=" " ind2=" " tag="752"><subfield code="a">United States</subfield><subfield code="b">Pennsylvania</subfield><subfield code="c">Erie</subfield><subfield code="d">Corry.</subfield></datafield><datafield ind1="0" ind2=" " tag="775"><subfield code="t">Corry semi-weekly journal</subfield><subfield code="w">(DLC)sn 89077582</subfield></datafield><datafield ind1="0" ind2="0" tag="780"><subfield code="t">Evening journal (Corry, Pa.)</subfield><subfield code="w">(DLC)sn 89077583</subfield></datafield><datafield ind1="0" ind2="0" tag="785"><subfield code="t">Corry journal</subfield><subfield code="w">(DLC)sn 88079498</subfield></datafield></record>